@manual{gitinfo-lua,
  title = {The gitinfo-lua package},
  subtitle = {Display git project information in your LaTeX projects},
  author = {Nijenhuis, Erik},
  url = {https://ctan.org/pkg/gitinfo-lua},
  urldate = {2024-02-03}, 
  date = {2023-11-10},
  version = {1.0.0},
}

@manual{lua-placeholders,
  title = {The lua-placeholders package},
  subtitle = {Specifying placeholders for demonstration purposes},
  author = {Nijenhuis, Erik},
  url = {https://ctan.org/pkg/lua-placeholders},
  urldate = {2024-02-03}, 
  date = {2024},
  version = {1.0.0},
}

@manual{ginvoice,
  title = {The GinVoice GTK application},
  subtitle = {Creating LaTeX invoices with a GTK GUI},
  author = {Nijenhuis, Erik},
  url = {https://gitlab.gnome.org/MacLotsen/ginvoice},
  urldate = {2024-02-07},
  date = {2022-01-13},
  version = {1.0.0},
}

@manual{regulatory,
  title = {The regulatory package},
  subtitle = {Flexible drafting of legal documents, especially in Dutch},
  author = {Nijenhuis, Erik},
  url = {https://xerdi.com/free-software#regulatory},
  urldate = {2024-02-03}, 
  date = {2024-01-27},
  version = {0.0.3},
}

@manual{bib2gls,
  title = {The bib2gls package},
  subtitle = {Command line application to convert .bib files to glossaries-extra.sty resource files},
  author = {Talbot, Nicola},
  url = {https://www.dickimaw-books.com/software/bib2gls/},
  urldate = {2024-02-03}, 
  date = {2024-01-30},
  version = {3.9},
}

@manual{markdown,
  title = {The markdown package},
  subtitle = {Converting and rendering markdown documents inside TeX},
  author = {Novotný, Vít},
  url = {https://ctan.org/pkg/markdown},
  urldate = {2024-02-07}, 
  date = {2023-04-27},
  version = {2.23.0-0-g0b22f91},
}

@manual{scrlayer-scrpage,
  title = {The scrlayer-scrpage package},
  subtitle = {Define and manage page styles},
  author = {Kohm, Markus},
  url = {https://komascript.de/},
  urldate = {2024-02-07}, 
  date = {2023-07-07},
  version = {3.41},
}

@manual{scrlttr2,
  title = {The scrlttr2 package},
  subtitle = {Koma-Script ‘letter’ class},
  author = {Kohm, Markus},
  url = {https://komascript.de/},
  urldate = {2024-02-07}, 
  date = {2023-04-24},
  version = {3.40},
}

